@ONLINE {aec:redis,
    author = "{Australian Electoral Commission}",
    title  = "Redistribution overview",
    month  = "Sep",
    year   = "2011",
    url    = "https://www.aec.gov.au/Electorates/Redistributions/Overview.htm"
}
@ONLINE {aec:2017redis,
  author = "Australian Electoral Commission",
  title = "2017 Redistribution",
  month = "Aug",
  year = "2017",
  url = "https://www.aec.gov.au/media/media-releases/2017/08-31.htm"
}
